<?xml version="1.0" encoding="UTF-8"?><collection xmlns="http://www.loc.gov/MARC21/slim"><record><leader>00517nam--2200169-i-4500</leader><controlfield tag="001">000008488</controlfield><controlfield tag="002">20161230</controlfield><controlfield tag="005">20161230201027</controlfield><controlfield tag="008">060222s1000------------r-----000-0-eng-d</controlfield><datafield ind1=" " ind2=" " tag="040"><subfield code="a">IFIN-HH</subfield></datafield><datafield ind1=" " ind2=" " tag="080"><subfield code="a">413.239:621-52</subfield></datafield><datafield ind1="1" ind2=" " tag="100"><subfield code="a">Clason, W. E</subfield></datafield><datafield ind1="1" ind2="0" tag="245"><subfield code="a">Elsevier's dictionary of automatic control in four languages: english/american, french, german and russian</subfield><subfield code="c">W.e. clason</subfield></datafield><datafield ind1=" " ind2=" " tag="260"><subfield code="a">Amsterdam</subfield><subfield code="b">Elsevier Publishing Company</subfield><subfield code="c">1963</subfield></datafield><datafield ind1=" " ind2=" " tag="300"><subfield code="a">211 P</subfield></datafield><datafield ind1=" " ind2=" " tag="852"><subfield code="a">D.289</subfield><subfield code="c">SLT</subfield></datafield><datafield ind1=" " ind2=" " tag="CAT"><subfield code="a">Sys</subfield><subfield code="c">20130220</subfield><subfield code="h">154028</subfield></datafield></record></collection>